% online references
@online{Automation2014,
  author = {James Koelsch},
  title = {Calculating the True Cost of Software},
  month = {March},
  year = {2014},
  url = {https://www.automationworld.com/design-engineering/calculating-true-cost-software}
}

@online{Vala2016,
  author = {GNOME},
  title = {Projects/Vala - GNOME Wiki!},
  month = apr,
  year = {2017},
  url = {https://wiki.gnome.org/Projects/Vala}
}

@online{Libpeas2016,
  author = {GNOME},
  title = {Projects/Libpeas - GNOME Wiki!},
  month = feb,
  year = {2016},
  url = {https://wiki.gnome.org/Projects/Libpeas}
}

@book{Automake2014,
  author = {David MacKenzie and Tom Tromey and Alexandre Duret-Lutz and Ralf Wildenhues and Stefano Lattarini},
  year = {2014},
  title = {GNU Automake},
  publisher = {Free Software Foundation, Inc}
}
