% printed references
%@article{BorisovGolbergWagner,
  %author = {Nikita Borisov and Ian Goldberg and David Wagner},
  %title = {Intercepting Mobile Communications: The Insecurity of 802.11.},
%}

%@article{Grady1993,
  %author = {Robert B. Grady},
  %title = {Practical Results from Measuring Software Quality},
  %journal = {Communications of the ACM},
  %volume = {36},
  %issue = {11},
  %pages = {62--68},
  %year = {1993}
%}

%@article{Arbaugh2001,
  %author = {William A. Arbaugh and Narendar Shankar and Y.C. Justin Wan},
  %title = {Your 802.11 Wireless Network has No Clothes},
  %year = {2001}
%}

%@article{Zua2004,
  %author = {Hua Zhu and Ming Li and Imrich Chlamtac and B. Prabhakaran},
  %title = {A Survey of Quality of Service in IEEE 802.11 Networks},
  %journal = {IEEE Wireless Communications},
  %year = {2004}
%}

%@book{Fleck2002,
  %author = {Bob Fleck and Bruce Potter},
  %title = {802.11 Security},
  %year = {2002},
  %publisher = {O'Reilly Media}
%}

%@book{Gast2002,
  %Author = {Matthew Gast and Matthew S. Gast},
  %Title = {802.11 Wireless Networks: The Definitive Guide (O'Reilly Networking)},
  %Publisher = {O'Reilly Media},
  %Year = {2002},
  %ISBN = {9780596001834}
%}

%@book{Geier2001,
  %Author = {Jim Geier},
  %Title = {Wireless LANs (2nd Edition)},
  %Publisher = {Sams},
  %Year = {2001},
  %ISBN = {0672320584},
%}

%@book{Briere2003,
  %Author = {Danny Briere and Walter R. Bruce III and Pat Hurley},
  %Title = {Wireless Home Networking For Dummies (For Dummies (Computer/Tech))},
  %Publisher = {For Dummies},
  %Year = {2003},
  %ISBN = {0764539108},
%}

% online references
@online{WikiUML2016,
  author = {Wikipedia},
  title = {Unified Modeling Language --- Wikipedia, The Free Encyclopedia},
  month = mar,
  year = {2016},
  url = {https://en.wikipedia.org/wiki/Unified_Modeling_Language}
}
